<record><leader>00000cas a2200000 a 4500</leader><controlfield tag="001">13685920</controlfield><controlfield tag="008">860604u1949uuuuokuwr ne      0    0eng d</controlfield><datafield ind1=" " ind2=" " tag="010"><subfield code="a">sn 86064095 </subfield></datafield><datafield ind1=" " ind2=" " tag="040"><subfield code="a">KSH</subfield><subfield code="b">eng</subfield><subfield code="c">KSH</subfield><subfield code="d">NPT</subfield><subfield code="d">OCL</subfield><subfield code="d">OCLCQ</subfield></datafield><datafield ind1=" " ind2=" " tag="042"><subfield code="a">msc</subfield></datafield><datafield ind1="0" ind2="4" tag="245"><subfield code="a">The Lawton constitution &amp; morning press.</subfield></datafield><datafield ind1="3" ind2="0" tag="246"><subfield code="a">Lawton constitution and morning press</subfield></datafield><datafield ind1=" " ind2=" " tag="260"><subfield code="a">Lawton, Okla. :</subfield><subfield code="b">[Lawton Pub. Co.]</subfield></datafield><datafield ind1=" " ind2=" " tag="300"><subfield code="a">v. :</subfield><subfield code="b">ill. ;</subfield><subfield code="c">58 cm.</subfield></datafield><datafield ind1=" " ind2=" " tag="310"><subfield code="a">Weekly</subfield></datafield><datafield ind1="1" ind2=" " tag="362"><subfield code="a">Began in 1949.</subfield><subfield code="z">Cf. Ayer, 1969.</subfield></datafield><datafield ind1=" " ind2=" " tag="500"><subfield code="a">Special "Fort Sill Centennial edition," Jan. 5, 1969.</subfield></datafield><datafield ind1=" " ind2=" " tag="525"><subfield code="a">Supplement called "The Cannoneer," Jan. 5, 1969.</subfield></datafield><datafield ind1=" " ind2=" " tag="588"><subfield code="a">Description based on: Vol. 20, no. 1 (Jan. 5, 1969).</subfield></datafield><datafield ind1=" " ind2=" " tag="752"><subfield code="a">United States</subfield><subfield code="b">Oklahoma</subfield><subfield code="c">Comanche</subfield><subfield code="d">Lawton.</subfield></datafield><datafield ind1="1" ind2=" " tag="029"><subfield code="a">AU@</subfield><subfield code="b">000022169606</subfield></datafield></record>